<record><leader>00000cas a22000007a 4500</leader><controlfield tag="001">9963848</controlfield><controlfield tag="008">830929d19011911ksuwr ne      0    0eng d</controlfield><datafield ind1=" " ind2=" " tag="010"><subfield code="a">sn 83040550 </subfield></datafield><datafield ind1=" " ind2=" " tag="040"><subfield code="a">KSH</subfield><subfield code="b">eng</subfield><subfield code="c">KSH</subfield><subfield code="d">NPT</subfield><subfield code="d">DLC</subfield><subfield code="d">OCLCQ</subfield></datafield><datafield ind1=" " ind2=" " tag="042"><subfield code="a">msc</subfield></datafield><datafield ind1=" " ind2=" " tag="043"><subfield code="a">n-us-ks</subfield></datafield><datafield ind1="0" ind2=" " tag="130"><subfield code="a">Horton headlight (Horton, Kan. : 1901)</subfield></datafield><datafield ind1="1" ind2="4" tag="245"><subfield code="a">The Horton headlight.</subfield></datafield><datafield ind1=" " ind2=" " tag="260"><subfield code="a">Horton, Kan. :</subfield><subfield code="b">Johnson &amp; Law,</subfield><subfield code="c">1901-1911.</subfield></datafield><datafield ind1=" " ind2=" " tag="300"><subfield code="a">11 v. :</subfield><subfield code="b">ill. ;</subfield><subfield code="c">56 cm.</subfield></datafield><datafield ind1=" " ind2=" " tag="310"><subfield code="a">Weekly</subfield></datafield><datafield ind1="0" ind2=" " tag="362"><subfield code="a">Vol. 15, no. 41 (Aug. 1, 1901)-v. 25, no. 38 (June 8, 1911).</subfield></datafield><datafield ind1=" " ind2=" " tag="500"><subfield code="a">Published on Thursday.</subfield></datafield><datafield ind1=" " ind2=" " tag="530"><subfield code="a">Available on microfilm from Micro Photo.</subfield></datafield><datafield ind1=" " ind2=" " tag="752"><subfield code="a">United States</subfield><subfield code="b">Kansas</subfield><subfield code="c">Brown</subfield><subfield code="d">Horton.</subfield></datafield><datafield ind1="0" ind2="0" tag="780"><subfield code="t">Horton headlight-leader</subfield><subfield code="w">(DLC)sn 83040549</subfield></datafield><datafield ind1="0" ind2="7" tag="785"><subfield code="t">Horton commercial</subfield><subfield code="w">(DLC)sn 83040551</subfield></datafield><datafield ind1="0" ind2="7" tag="785"><subfield code="t">Horton headlight-commercial</subfield><subfield code="w">(DLC)sn 83040552</subfield></datafield></record>